% This file was created with JabRef 2.5.
% Encoding: Cp1252

@ELECTRONIC{smithchart,
  author = {Mohammad Ashfaq},
  year = {2006},
  title = {{MATLAB Smithchart}},
  howpublished = {\link{http://www.mathworks.com/matlabcentral/fileexchange/324-smithchart}},
  url = {http://www.mathworks.com/matlabcentral/fileexchange/324-smithchart}
}

@BOOK{bowick,
  title = {RF Circuit Design},
  publisher = {Newnes},
  year = {1997},
  author = {Chris Bowick},
  file = {:Z\:\\0750699469 RF Circuit Design.pdf:PDF},
  owner = {APLPrj02},
  timestamp = {2010.03.17}
}

@ARTICLE{Chang,
  author = {Huey-Ru Chang},
  title = {3-D TDTD Design Anakysis of a 2.4 GHz Polarization-deviersity Printed
	Dipole Antenna with Integrated Balun and Polarization-switching Circuit
	for WLAN and Wireless Communication Applications},
  journal = {IEEE Transactions on Microwave Theory and Techniques},
  year = {2003},
  volume = {51},
  pages = {374--381},
  number = {2},
  month = feb
}

@ARTICLE{Edward,
  author = {Brian Edward and Daniel Rees},
  title = {A broadband printed dipole with integrated balun},
  journal = {Microwave Journal},
  year = {1987},
  pages = {339-344},
  month = may
}

@BOOK{Fooks,
  title = {Microwave Engineering using Microstrip Circuits},
  publisher = {Prentice Hall},
  year = {1989},
  author = {E.H. Fooks and R.A. Zakarevivius}
}

@ELECTRONIC{ece3300,
  author = {Cynthia Furse},
  month = {sep},
  year = {2009},
  title = {ECE 3300 Introduction to Electromagnetics},
  howpublished = {\link{http://www.ece.utah.edu/~ece3300/}},
  organization = {University of Utah},
  url = {http://www.ece.utah.edu/~ece3300/},
  owner = {APLPrj02},
  timestamp = {2010.03.22}
}

@ELECTRONIC{github,
  author = {Egon Geerardyn and Bert Follon},
  year = {2010},
  title = {{GitHub VUB-HFE repository}},
  howpublished = {{\link{http://github.com/egeerardyn/VUB-HFE}}},
  url = {http://github.com/egeerardyn/VUB-HFE}
}

@BOOK{Gonzalez,
  title = {Microwave Transistor Amplifiers: Analysis and Design},
  publisher = {Prentice Hall},
  year = {1984},
  author = {G. Gonzalez},
  address = {Sydney},
  file = {:Z\:\\microwave_transistor_amplifiers_2nded_gonzalez[1].pdf:PDF}
}

@BOOK{jones,
  title = {Microwave filters, Impedance Matching Networks and Coupling Structures},
  publisher = {Artech House Books},
  author = {G. Matthaei and L. Young and E.M.T. Jones},
  owner = {egon},
  timestamp = {2010.03.20}
}

@ELECTRONIC{wcalc,
  author = {Dan McMahill},
  year = {2006},
  title = {Wcalc},
  howpublished = {\link{http://wcalc.sourceforge.net}},
  url = {http://wcalc.sourceforge.net},
  owner = {egon},
  timestamp = {2010.03.20}
}

@ELECTRONIC{smithchartcircles,
  author = {Warren du Plessis},
  year = {2009},
  title = {{The MATLAB Smith Chart Circles Toolbox}},
  howpublished = {{\link{http://www.mathworks.com/matlabcentral/fileexchange/20960-the-smith-chart-circles-toolbox}}},
  url = {http://www.mathworks.com/matlabcentral/fileexchange/20960-the-smith-chart-circles-toolbox}
}

@BOOK{Pozar,
  title = {Microwave Engineering},
  publisher = {Addison-Wesley},
  year = {1998},
  author = {D.M. Pozar},
  address = {Reading},
  file = {:Z\:\\[D M.Pozar]Microwave Engineering 3rd Ed.pdf:PDF;:Z\:\\[D M.Pozar]Microwave Engineering 3rd Ed.pdf:PDF}
}

@ELECTRONIC{smitchartgui,
  author = {Pathmanathan Priyatharsahn},
  year = {2003},
  title = {{MATLAB Smith Chart GUI}},
  howpublished = {\link{http://www.mathworks.com/matlabcentral/fileexchange/3795-smithchartgui}},
  url = {http://www.mathworks.com/matlabcentral/fileexchange/3795-smithchartgui}
}

@BOOK{rizzi,
  title = {Microwave Engineering: Passive Circuits},
  publisher = {Prentice Hall},
  author = {Peter A. Rizzi},
  owner = {egon},
  timestamp = {2010.03.20}
}

@BOOK{lessen,
  title = {Hoogfrequent elektronica en antennes},
  publisher = {VUB},
  year = {2010},
  author = {Yves Rolain and Alain Barel},
  url = {http://aiv.vub.ac.be/opaweb/index?page=variantoo&omaNummer=12615&doelgroep=TS&language=nl}
}

@BOOK{sze,
  title = {Physics of semiconductor devices},
  publisher = {John Wiley and Sons},
  author = {S.M. Sze},
  owner = {egon},
  timestamp = {2010.03.20}
}

@MISC{lesWendy,
  author = {Van Moer, Wendy},
  title = {Inleidingsles labo hoogfrequent elektronica en antennes},
  year = {2010}
}

@BOOK{yngvesson,
  title = {Microwave semiconductor devices},
  publisher = {Kluwer Academic Publishers},
  author = {Sigfrid Yngvesson},
  owner = {egon},
  timestamp = {2010.03.20}
}

@BOOKLET{BFR91A,
  title = {{Datasheets BFR91A}}
}

@ELECTRONIC{MW101,
  title = {Microwaves 101},
  howpublished = {\link{http://www.microwaves101.com/}},
  url = {http://www.microwaves101.com/},
  owner = {APLPrj02},
  timestamp = {2010.03.17}
}

